@book{anderson2005introduction,
  title={Introduction to flight},
  author={Anderson, John David and Bowden, Mary L},
  volume={582},
  year={2005},
  publisher={McGraw-Hill Higher Education New York, NY, USA}
}
